@site{BaloonsTD5,
    author = "NinjaKiwi",
    title = "BaloonsTD5",
    year = "2021",
    note = "Available online",
    url = "https://ninjakiwi.com/Games/Tower-Defense/Bloons-Tower-Defense-5.html"
}

@site{FacadePattern,
    title = "Facade Pattern",
    year = "2021",
    note = "Available online",
    url = "https://refactoring.guru/design-patterns/facade"
}