@site{BaloonsTD5,
    author = "NinjaKiwi",
    title = "BaloonsTD5",
    year = "2021",
    note = "Available online",
    url = "https://ninjakiwi.com/Games/Tower-Defense/Bloons-Tower-Defense-5.html"
}

@site{FacadePattern,
    title = "Facade Pattern",
    year = "2021",
    note = "Available online",
    url = "https://refactoring.guru/design-patterns/facade"
}

@book{gof,
    added-at = {2007-02-20T10:25:30.000+0100},
    address = {Boston, MA},
    author = {Gamma, Erich and Helm, Richard and Johnson, Ralph and Vlissides, John},
    biburl = {https://www.bibsonomy.org/bibtex/2b074c2848d5c64657278632da5ecbd08/mwagner},
    citeulike-article-id = {115158},
    howpublished = {Hardcover},
    interhash = {d46ec5e2c98583730aa182ceb4a3ab22},
    intrahash = {b074c2848d5c64657278632da5ecbd08},
    isbn = {0201633612},
    keywords = {Muster Entwurfsmuster Pattern},
    month = {January},
    priority = {0},
    publisher = {Addison-Wesley},
    timestamp = {2007-02-20T10:25:30.000+0100},
    title = {Design Patterns},
    url = {http://www.amazon.co.uk/exec/obidos/ASIN/0201633612/citeulike-21},
    year = 1995
}

@site{TuProlog,
    author = {unibo},
    title = {TuProlog},
    year = {2021},
    note = {Available online},
    url = {https://apice.unibo.it/xwiki/bin/view/Tuprolog/}
}

